<record><leader>00000cas a22000007a 4500</leader><controlfield tag="001">33376871</controlfield><controlfield tag="008">951026c19uu9999paudn ne      0   k0kor c</controlfield><datafield ind1=" " ind2=" " tag="010"><subfield code="a">sn 95005607 </subfield></datafield><datafield ind1=" " ind2=" " tag="040"><subfield code="a">NSD</subfield><subfield code="b">eng</subfield><subfield code="c">NSD</subfield><subfield code="d">OCLCQ</subfield><subfield code="d">IUL</subfield></datafield><datafield ind1=" " ind2=" " tag="066"><subfield code="c">$1</subfield></datafield><datafield ind1=" " ind2=" " tag="012"><subfield code="l">1</subfield><subfield code="m">1</subfield></datafield><datafield ind1="1" ind2=" " tag="022"><subfield code="a">1085-5319</subfield><subfield code="l">1085-5319</subfield><subfield code="2">1</subfield></datafield><datafield ind1=" " ind2=" " tag="032"><subfield code="a">005101</subfield><subfield code="b">USPS</subfield></datafield><datafield ind1=" " ind2=" " tag="037"><subfield code="b">Dong-A Daily News Phila, Inc., 500 E. Luzerne St., Philadelphia, PA 19124</subfield></datafield><datafield ind1=" " ind2=" " tag="042"><subfield code="a">nsdp</subfield><subfield code="a">pcc</subfield></datafield><datafield ind1="0" ind2=" " tag="130"><subfield code="a">Miju tonga ilbo (Philadelphia, Pa.)</subfield></datafield><datafield ind1=" " ind2="0" tag="222"><subfield code="a">Miju tonga ilbo</subfield><subfield code="b">(Philadelphia, Pa.)</subfield></datafield><datafield ind1="1" ind2="0" tag="245"><subfield code="6">880-01</subfield><subfield code="a">Miju tonga ilbo =</subfield><subfield code="b">the Dong-A daily news.</subfield></datafield><datafield ind1="3" ind2="1" tag="246"><subfield code="a">Dong-A daily news</subfield></datafield><datafield ind1=" " ind2=" " tag="260"><subfield code="a">Phila. [i.e. Philadelphia] PA :</subfield><subfield code="b">Dong-A Daily News Phila., Inc.</subfield></datafield><datafield ind1=" " ind2=" " tag="300"><subfield code="a">v.</subfield></datafield><datafield ind1=" " ind2=" " tag="310"><subfield code="a">Daily (except Sundays and holidays)</subfield></datafield><datafield ind1=" " ind2=" " tag="588"><subfield code="a">Description based on: Vol. 7, issue 1758 (1995-nyo&#774;n 7-wo&#774;l 27-il).</subfield></datafield><datafield ind1=" " ind2=" " tag="752"><subfield code="a">United States</subfield><subfield code="b">Pennsylvania</subfield><subfield code="d">Philadelphia.</subfield></datafield><datafield ind1="0" ind2=" " tag="775"><subfield code="6">880-02</subfield><subfield code="t">Tonga ilbo</subfield><subfield code="w">(DLC)sn 91028678</subfield><subfield code="w">(OCoLC)24901879</subfield></datafield><datafield ind1="1" ind2="0" tag="880"><subfield code="6">245-01/$1</subfield><subfield code="a">&#48120;&#51452;&#46041;&#50500;&#51068;&#48372; =</subfield><subfield code="b">the Dong-A daily news.</subfield></datafield><datafield ind1="0" ind2=" " tag="880"><subfield code="6">775-02/$1</subfield><subfield code="t">&#46041;&#50500;&#51068;&#48372;</subfield><subfield code="w">(DLC)sn 91028678</subfield><subfield code="w">(OCoLC)24901879</subfield></datafield></record>